@online{ kmembug,
	title                =	 {{cgroups kmem bug report}},
	url                  =	 {https://bugs.archlinux.org/task/40818},
	lastchecked          =	 {22.07.2014},
}

@online{ kernelcaps,
	title                =	 {{Kernel Capabilities}},
	url                  =	 {http://man7.org/linux/man-pages/man7/capabilities.7.html},
	lastchecked          =	 {23.07.2014},
}

@online{ cgrpmem,
	title                =	 {{Cgroups memory controller}},
	url                  =	 {https://www.kernel.org/doc/Documentation/cgroups/memory.txt},
	lastchecked          =	 {25.07.2014},
}

@online{ bugreport,
	title                =	 {{attach_wait bug report}},
	url                  =	 {https://lists.linuxcontainers.org/pipermail/lxc-devel/2014-July/009757.html},
	lastchecked          =	 {25.07.2014},
}

@online{ cgroups,
	title                =	 {{Cgroups}},
	url                  =	 {http://docs.fedoraproject.org/en-US/Fedora/17/html-single/Resource_Management_Guide/index.html#sec-How_Control_Groups_Are_Organized},
	lastchecked          =	 {29.07.2014},
}

@online{ forkbomb,
	title                =	 {{fork bomb}},
	url                  =	 {http://de.wikipedia.org/wiki/Forkbomb},
	lastchecked          =	 {29.07.2014},
}